<?xml version = "1.0" encoding = "UTF-8"?><record>
  <leader>01097naa#a2200325#c#4500</leader>
  <controlfield tag="005">20210409080223.0</controlfield>
  <controlfield tag="007">tu</controlfield>
  <controlfield tag="008">121129|2011####gw############|||#|#ger#c</controlfield>
  <controlfield tag="003">DE-605</controlfield>
  <controlfield tag="001">990193848540206441</controlfield>
  <datafield tag="035" ind1=" " ind2=" ">
    <subfield code="a">(DE-605)HT017472134</subfield>
  </datafield>
  <datafield tag="040" ind1=" " ind2=" ">
    <subfield code="a">6</subfield>
    <subfield code="b">ger</subfield>
    <subfield code="d">6</subfield>
    <subfield code="e">rakwb</subfield>
  </datafield>
  <datafield tag="041" ind1=" " ind2=" ">
    <subfield code="a">ger</subfield>
  </datafield>
  <datafield tag="044" ind1=" " ind2=" ">
    <subfield code="c">XA-DE</subfield>
  </datafield>
  <datafield tag="084" ind1=" " ind2=" ">
    <subfield code="a">Nette</subfield>
    <subfield code="0">https://nwbib.de/spatial#Q1250678</subfield>
    <subfield code="2">nwbib</subfield>
  </datafield>
  <datafield tag="084" ind1=" " ind2=" ">
    <subfield code="a">Einzelne Familien</subfield>
    <subfield code="0">https://nwbib.de/subjects#N207020</subfield>
    <subfield code="2">nwbib</subfield>
  </datafield>
  <datafield tag="100" ind1="1" ind2=" ">
    <subfield code="a">Treckmann, Friedhelm</subfield>
    <subfield code="4">aut</subfield>
  </datafield>
  <datafield tag="245" ind1="1" ind2="0">
    <subfield code="a">&lt;&lt;Der&gt;&gt; Name Dorhoff in Urkunden im Wandel der Zeiten</subfield>
    <subfield code="c">[Friedhelm Treckmann]</subfield>
  </datafield>
  <datafield tag="264" ind1=" " ind2="1">
    <subfield code="c">2011</subfield>
  </datafield>
  <datafield tag="655" ind1=" " ind2="7">
    <subfield code="a">Quelle</subfield>
    <subfield code="0">(DE-588)4135952-5</subfield>
    <subfield code="2">gnd-content</subfield>
  </datafield>
  <datafield tag="689" ind1="0" ind2="0">
    <subfield code="a">Dorhoff</subfield>
    <subfield code="c">Familie</subfield>
    <subfield code="D">p</subfield>
    <subfield code="0">(DE-588)102851445X</subfield>
    <subfield code="0">(uri) https://portal.dnb.de/opac.htm?method=simpleSearch&amp;cqlMode=true&amp;query=idn=102851445X</subfield>
    <subfield code="0">(uri) http://viaf.org/viaf/sourceID/DNB|102851445X</subfield>
  </datafield>
  <datafield tag="689" ind1="0" ind2="1">
    <subfield code="a">Geschichte</subfield>
    <subfield code="A">z</subfield>
  </datafield>
  <datafield tag="689" ind1="1" ind2="0">
    <subfield code="a">Dorhoff</subfield>
    <subfield code="c">Familie</subfield>
    <subfield code="D">p</subfield>
    <subfield code="0">(DE-588)102851445X</subfield>
    <subfield code="0">(uri) https://portal.dnb.de/opac.htm?method=simpleSearch&amp;cqlMode=true&amp;query=idn=102851445X</subfield>
    <subfield code="0">(uri) http://viaf.org/viaf/sourceID/DNB|102851445X</subfield>
  </datafield>
  <datafield tag="689" ind1="1" ind2="1">
    <subfield code="a">Geschichte</subfield>
    <subfield code="A">z</subfield>
  </datafield>
  <datafield tag="773" ind1="0" ind2="8">
    <subfield code="i">Enthalten in</subfield>
    <subfield code="t">Nachrichten aus der Netter Geschichte</subfield>
    <subfield code="d">Dortmund</subfield>
    <subfield code="g">2 (2011), S. 18-35 : Ill.</subfield>
    <subfield code="w">(DE-605)HT016593925</subfield>
  </datafield>
  <datafield tag="960" ind1="1" ind2=" ">
    <subfield code="n">NWBib-6</subfield>
  </datafield>
  <datafield tag="964" ind1="0" ind2="s">
    <subfield code="F">030</subfield>
    <subfield code="A">a|1uc||||||17</subfield>
  </datafield>
  <datafield tag="964" ind1="0" ind2="s">
    <subfield code="F">050</subfield>
    <subfield code="A">a|||||||||||||</subfield>
  </datafield>
  <datafield tag="964" ind1="0" ind2="s">
    <subfield code="F">051</subfield>
    <subfield code="A">at||||||</subfield>
  </datafield>
  <datafield tag="035" ind1=" " ind2=" ">
    <subfield code="a">(DE-599)HBZHT017472134</subfield>
  </datafield>
  <datafield tag="MBD" ind1=" " ind2=" ">
    <subfield code="M">49HBZ_NETWORK</subfield>
    <subfield code="i">990193848540206441</subfield>
    <subfield code="n">HBZ Network</subfield>
  </datafield>
  <datafield tag="MNG" ind1=" " ind2=" ">
    <subfield code="c">System</subfield>
    <subfield code="f">ILS</subfield>
    <subfield code="i">marc21</subfield>
    <subfield code="k">01</subfield>
    <subfield code="e">false</subfield>
    <subfield code="d">2021-04-09 08:02:23 Europe/Berlin</subfield>
    <subfield code="g">019384854-HBZ01</subfield>
    <subfield code="j">60</subfield>
    <subfield code="a">import</subfield>
    <subfield code="b">2021-04-06 02:54:01 Europe/Berlin</subfield>
  </datafield>
  <datafield tag="GPN" ind1="3" ind2=" ">
    <subfield code="a">Doerhoff</subfield>
    <subfield code="c">Familie</subfield>
    <subfield code="A">GND</subfield>
    <subfield code="B">GND-102851445X</subfield>
    <subfield code="C">400</subfield>
  </datafield>
  <datafield tag="GPN" ind1="3" ind2=" ">
    <subfield code="a">Dorhove</subfield>
    <subfield code="c">Familie</subfield>
    <subfield code="A">GND</subfield>
    <subfield code="B">GND-102851445X</subfield>
    <subfield code="C">400</subfield>
  </datafield>
  <datafield tag="GPN" ind1="3" ind2=" ">
    <subfield code="a">Doerhove</subfield>
    <subfield code="c">Familie</subfield>
    <subfield code="A">GND</subfield>
    <subfield code="B">GND-102851445X</subfield>
    <subfield code="C">400</subfield>
  </datafield>
  <datafield tag="GPN" ind1="3" ind2=" ">
    <subfield code="a">Dorhoiff</subfield>
    <subfield code="c">Familie</subfield>
    <subfield code="A">GND</subfield>
    <subfield code="B">GND-102851445X</subfield>
    <subfield code="C">400</subfield>
  </datafield>
  <datafield tag="GPN" ind1="3" ind2=" ">
    <subfield code="a">Dorhof</subfield>
    <subfield code="c">Familie</subfield>
    <subfield code="A">GND</subfield>
    <subfield code="B">GND-102851445X</subfield>
    <subfield code="C">400</subfield>
  </datafield>
  <datafield tag="GPN" ind1="3" ind2=" ">
    <subfield code="a">Durhoff</subfield>
    <subfield code="c">Familie</subfield>
    <subfield code="A">GND</subfield>
    <subfield code="B">GND-102851445X</subfield>
    <subfield code="C">400</subfield>
  </datafield>
  <datafield tag="GPN" ind1="3" ind2=" ">
    <subfield code="a">Doerhoeve</subfield>
    <subfield code="c">Familie</subfield>
    <subfield code="A">GND</subfield>
    <subfield code="B">GND-102851445X</subfield>
    <subfield code="C">400</subfield>
  </datafield>
  <datafield tag="GPN" ind1="3" ind2=" ">
    <subfield code="a">Doerhoeff</subfield>
    <subfield code="c">Familie</subfield>
    <subfield code="A">GND</subfield>
    <subfield code="B">GND-102851445X</subfield>
    <subfield code="C">400</subfield>
  </datafield>
  <datafield tag="GPN" ind1="3" ind2=" ">
    <subfield code="a">Dorhoeff</subfield>
    <subfield code="c">Familie</subfield>
    <subfield code="A">GND</subfield>
    <subfield code="B">GND-102851445X</subfield>
    <subfield code="C">400</subfield>
  </datafield>
  <datafield tag="GPN" ind1="3" ind2=" ">
    <subfield code="a">Doirhoff</subfield>
    <subfield code="c">Familie</subfield>
    <subfield code="A">GND</subfield>
    <subfield code="B">GND-102851445X</subfield>
    <subfield code="C">400</subfield>
  </datafield>
  <datafield tag="GPN" ind1="3" ind2=" ">
    <subfield code="a">Do&#776;rhoff</subfield>
    <subfield code="c">Familie</subfield>
    <subfield code="A">GND</subfield>
    <subfield code="B">GND-102851445X</subfield>
    <subfield code="C">400</subfield>
  </datafield>
  <datafield tag="GPN" ind1="3" ind2=" ">
    <subfield code="a">Do&#776;rhof</subfield>
    <subfield code="c">Familie</subfield>
    <subfield code="A">GND</subfield>
    <subfield code="B">GND-102851445X</subfield>
    <subfield code="C">400</subfield>
  </datafield>
  <datafield tag="GSI" ind1="7" ind2=" ">
    <subfield code="a">http://d-nb.info/gnd/102851445X</subfield>
    <subfield code="2">uri</subfield>
    <subfield code="A">GND</subfield>
    <subfield code="B">GND-102851445X</subfield>
    <subfield code="C">024</subfield>
  </datafield>
  <datafield tag="GPN" ind1="3" ind2=" ">
    <subfield code="a">Doerhoff</subfield>
    <subfield code="c">Familie</subfield>
    <subfield code="A">GND</subfield>
    <subfield code="B">GND-102851445X</subfield>
    <subfield code="C">400</subfield>
  </datafield>
  <datafield tag="GPN" ind1="3" ind2=" ">
    <subfield code="a">Dorhove</subfield>
    <subfield code="c">Familie</subfield>
    <subfield code="A">GND</subfield>
    <subfield code="B">GND-102851445X</subfield>
    <subfield code="C">400</subfield>
  </datafield>
  <datafield tag="GPN" ind1="3" ind2=" ">
    <subfield code="a">Doerhove</subfield>
    <subfield code="c">Familie</subfield>
    <subfield code="A">GND</subfield>
    <subfield code="B">GND-102851445X</subfield>
    <subfield code="C">400</subfield>
  </datafield>
  <datafield tag="GPN" ind1="3" ind2=" ">
    <subfield code="a">Dorhoiff</subfield>
    <subfield code="c">Familie</subfield>
    <subfield code="A">GND</subfield>
    <subfield code="B">GND-102851445X</subfield>
    <subfield code="C">400</subfield>
  </datafield>
  <datafield tag="GPN" ind1="3" ind2=" ">
    <subfield code="a">Dorhof</subfield>
    <subfield code="c">Familie</subfield>
    <subfield code="A">GND</subfield>
    <subfield code="B">GND-102851445X</subfield>
    <subfield code="C">400</subfield>
  </datafield>
  <datafield tag="GPN" ind1="3" ind2=" ">
    <subfield code="a">Durhoff</subfield>
    <subfield code="c">Familie</subfield>
    <subfield code="A">GND</subfield>
    <subfield code="B">GND-102851445X</subfield>
    <subfield code="C">400</subfield>
  </datafield>
  <datafield tag="GPN" ind1="3" ind2=" ">
    <subfield code="a">Doerhoeve</subfield>
    <subfield code="c">Familie</subfield>
    <subfield code="A">GND</subfield>
    <subfield code="B">GND-102851445X</subfield>
    <subfield code="C">400</subfield>
  </datafield>
  <datafield tag="GPN" ind1="3" ind2=" ">
    <subfield code="a">Doerhoeff</subfield>
    <subfield code="c">Familie</subfield>
    <subfield code="A">GND</subfield>
    <subfield code="B">GND-102851445X</subfield>
    <subfield code="C">400</subfield>
  </datafield>
  <datafield tag="GPN" ind1="3" ind2=" ">
    <subfield code="a">Dorhoeff</subfield>
    <subfield code="c">Familie</subfield>
    <subfield code="A">GND</subfield>
    <subfield code="B">GND-102851445X</subfield>
    <subfield code="C">400</subfield>
  </datafield>
  <datafield tag="GPN" ind1="3" ind2=" ">
    <subfield code="a">Doirhoff</subfield>
    <subfield code="c">Familie</subfield>
    <subfield code="A">GND</subfield>
    <subfield code="B">GND-102851445X</subfield>
    <subfield code="C">400</subfield>
  </datafield>
  <datafield tag="GPN" ind1="3" ind2=" ">
    <subfield code="a">Do&#776;rhoff</subfield>
    <subfield code="c">Familie</subfield>
    <subfield code="A">GND</subfield>
    <subfield code="B">GND-102851445X</subfield>
    <subfield code="C">400</subfield>
  </datafield>
  <datafield tag="GPN" ind1="3" ind2=" ">
    <subfield code="a">Do&#776;rhof</subfield>
    <subfield code="c">Familie</subfield>
    <subfield code="A">GND</subfield>
    <subfield code="B">GND-102851445X</subfield>
    <subfield code="C">400</subfield>
  </datafield>
  <datafield tag="GSI" ind1="7" ind2=" ">
    <subfield code="a">http://d-nb.info/gnd/102851445X</subfield>
    <subfield code="2">uri</subfield>
    <subfield code="A">GND</subfield>
    <subfield code="B">GND-102851445X</subfield>
    <subfield code="C">024</subfield>
  </datafield>
</record>